<?xml version="1.0" encoding="UTF-8"?><collection><record><leader>05969ntm a2200613 a 4500</leader><controlfield tag="001">006836673</controlfield><controlfield tag="003">MiAaHDL</controlfield><controlfield tag="005">20190719000000.0</controlfield><controlfield tag="006">m        d        </controlfield><controlfield tag="007">cr bn ---auaua</controlfield><controlfield tag="008">090708s1804    xx            00| ||per d</controlfield><datafield tag="035" ind1=" " ind2=" "><subfield code="a">(MiU)006836673</subfield></datafield><datafield tag="035" ind1=" " ind2=" "><subfield code="a">sdr-miu006836673</subfield></datafield><datafield tag="040" ind1=" " ind2=" "><subfield code="a">MiU</subfield><subfield code="c">MiU</subfield><subfield code="e">amremm</subfield></datafield><datafield tag="041" ind1="0" ind2=" "><subfield code="a">ara</subfield><subfield code="a">per</subfield></datafield><datafield tag="043" ind1=" " ind2=" "><subfield code="a">n-us-mi</subfield><subfield code="a">a-su---</subfield></datafield><datafield tag="100" ind1="0" ind2=" "><subfield code="6">880-01</subfield><subfield code="a">Bandah ʻAlī ibn al-Mīrzā Khayrāt ʻAlī.</subfield></datafield><datafield tag="245" ind1="1" ind2="0"><subfield code="6">880-03</subfield><subfield code="a">Manāzil al-ḥajj,</subfield><subfield code="f">[1219?, i.e. 1804?].</subfield></datafield><datafield tag="246" ind1="3" ind2="8"><subfield code="a">MANĀZILU L-HADJ̲DJ̲</subfield></datafield><datafield tag="246" ind1="3" ind2=" "><subfield code="i">Title from colophon on p.73:</subfield><subfield code="a">کتاب منازل الحج</subfield></datafield><datafield tag="246" ind1="3" ind2=" "><subfield code="i">Title from inscription on 'title page' (p.15):</subfield><subfield code="a">رساله حج</subfield></datafield><datafield tag="246" ind1="3" ind2=" "><subfield code="i">Title from inscription on original front flyleaf (p.13):</subfield><subfield code="a">منازل الحج</subfield></datafield><datafield tag="260" ind1=" " ind2=" "><subfield code="c">[1804?].</subfield></datafield><datafield tag="300" ind1=" " ind2=" "><subfield code="a">38 leaves :</subfield><subfield code="b">paper ;</subfield><subfield code="c">178 x 106 (130 x 68) mm. bound to 182 x 116 mm.</subfield></datafield><datafield tag="500" ind1=" " ind2=" "><subfield code="a">Shelfmark: Ann Arbor, University of Michigan, Special Collections Library, Isl. Ms. 865</subfield></datafield><datafield tag="500" ind1=" " ind2=" "><subfield code="a">Origin: As appears in colophon on p.73, transcription [and composition ?] completed 17 Jumādá I 1219 [ca. 24 August 1804]. As appears in opening matter on p.25, date of composition appears to be represented by a chronogram, the value of which has been entered as ۱۲۱۹ below "جادۀ آخرت" (which would actually seem to have a value of 1214 or 1216). Paper, etc. do suggest 19th century for date of transcription.</subfield></datafield><datafield tag="500" ind1=" " ind2=" "><subfield code="a">Accompanying materials: a. Slip of paper with note "Persian MSS (Heyworth-Dunne?) with Meredith-Owens notes" (pp.1-2) -- b. Slip of paper with note "counted for 1968/69 Annual Report' (pp.3-4) -- c. Slip of paper with notes describing contents in hand of G. Meredith-Owens "MO 13 Manāzil al-ḥajj | copied in 1219 (The date of composition)" (pp.5-6).</subfield></datafield><datafield tag="500" ind1=" " ind2=" "><subfield code="a">Former shelfmark: Mich. Isl. Ms. temp. no. 14</subfield></datafield><datafield tag="500" ind1=" " ind2=" "><subfield code="a">Binding: Boards covered in mauve paper (blotched design evoking marbling) with red-brown leather over spine and board corners (half binding) ; Western style binding ; pastedowns and flyleaves in untinted laid paper ; head edge of text block gilt ; spine gold-stamped with title "MS. | MANĀZILU L-HADJ̲DJ̲" ; sewn in white thread over four recessed cords ; stuck-on endbands in green, red and white stripes ; overall in good condition ; original cover material has been bound in (see pp.11-12, etc. and note on upper pastedown).</subfield></datafield><datafield tag="500" ind1=" " ind2=" "><subfield code="a">Support: non-European (likely Persian or Indian) laid paper with 8 laid lines per cm. (vertical, somewhat indistinct, some curving) and chain lines faintly visible, cloudy formation, quite sturdy, dark cream in color, well-burnished ; some pest damage.</subfield></datafield><datafield tag="500" ind1=" " ind2=" "><subfield code="a">Decoration: Keywords rubricated or overlined in red.</subfield></datafield><datafield tag="500" ind1=" " ind2=" "><subfield code="a">Script: Nastaʻlīq ; large, elegant hand ; serifless with slight effect of words descending to baseline, some elongation of horizontal strokes, pointing in distinct dots.</subfield></datafield><datafield tag="500" ind1=" " ind2=" "><subfield code="a">Layout: Written in 11 lines per page.</subfield></datafield><datafield tag="500" ind1=" " ind2=" "><subfield code="a">Collation: ii, ii, 3 IV(24), III (30), 2 II(38), ii, ii ; chiefly quaternions ; middle of the quire marks in the form of black strokes, upper outer corner of right-hand leaf, lower outer corner of left-hand leaf ; catchwords present ; foliation in greyish black ink, Western numerals ; pagination in pencil, Western numerals, supplied during digitization (includes inserts, flyleaves and added leaves).</subfield></datafield><datafield tag="500" ind1=" " ind2=" "><subfield code="a">Colophon: "تمت تمام شد کتاب منازل الحج و بتاریخ هفدهم جمادی الاول سنه ۱۲۱۹ هجری از تحریر فراغ یافت"</subfield></datafield><datafield tag="500" ind1=" " ind2=" "><subfield code="a">Explicit: "این حروف باین جهت بشرح آنها نپرداخت"</subfield></datafield><datafield tag="500" ind1=" " ind2=" "><subfield code="a">Incipit: "الحمد لله الذى جعل منازل الحج وسيله للشهود واكرم الحجاج من سائر قافله الوجود الذى انزل فى شان الكعبه ... اما بعد بر ارباب الباب مخفى و محتجب ...که سیاح بلاد باصلاح و سداد خیر ... عبارت ازام القری مکه و حجاز و بطحی باشد "</subfield></datafield><datafield tag="500" ind1=" " ind2=" "><subfield code="a">Title from opening matter (p.25).</subfield></datafield><datafield tag="500" ind1=" " ind2=" "><subfield code="a">Ms. codex.</subfield></datafield><datafield tag="510" ind1="4" ind2=" "><subfield code="a">Āghā Buzurg al-Ṭihrānī. al-Dharīʻah ilá taṣānīf al-Shīʻah,</subfield><subfield code="c">no.6893 v.22 p.245</subfield></datafield><datafield tag="520" ind1="8" ind2=" "><subfield code="a">Fine copy of the author's account of his pilgrimage from Baghdad to Mecca and Medina as well as holy sites in Iraq (see in al-Dharīʻah, no.6893 v.22 p.245).</subfield></datafield><datafield tag="538" ind1=" " ind2=" "><subfield code="a">Mode of access: Internet.</subfield></datafield><datafield tag="541" ind1=" " ind2=" "><subfield code="c">Gift ;</subfield><subfield code="a">Acquired from Frank E. Nuttall (1875-1943).</subfield></datafield><datafield tag="546" ind1=" " ind2=" "><subfield code="a">Arabic and Persian.</subfield></datafield><datafield tag="561" ind1=" " ind2=" "><subfield code="a">Inscription in ink on upper pastedown "F. E. Nuttall | Bought of Luzac's, Summer 1913. Rebound by Menzies, Oct. 1914. Three sections of 8 leaves and one of 6, besides flyleaves. | The inner and outer leaves of the covers were soaked off the boards, pasted together, and bound in. The boards, which were found to consist of fragments of written paper, have been preserved separately. All has been bound up as before, except that eight leaves of writing paper have by mistake been bound in between p. [59] and the flyleaf" ; former inventory marks on front flyleaf (p.12) ; occasional glosses.</subfield></datafield><datafield tag="650" ind1=" " ind2="0"><subfield code="a">Manuscripts, Persian</subfield><subfield code="z">Michigan</subfield><subfield code="z">Ann Arbor.</subfield></datafield><datafield tag="650" ind1=" " ind2="0"><subfield code="a">Muslim pilgrims and pilgrimages</subfield><subfield code="z">Saudi Arabia</subfield><subfield code="z">Medina</subfield><subfield code="v">Early works to 1800.</subfield></datafield><datafield tag="650" ind1=" " ind2="0"><subfield code="a">Muslim pilgrims and pilgrimages</subfield><subfield code="z">Saudi Arabia</subfield><subfield code="z">Mecca</subfield><subfield code="v">Early works to 1800.</subfield></datafield><datafield tag="651" ind1=" " ind2="0"><subfield code="a">Medina (Saudi Arabia)</subfield><subfield code="x">Description and travel</subfield><subfield code="v">Early works to 1800.</subfield></datafield><datafield tag="651" ind1=" " ind2="0"><subfield code="a">Mecca (Saudi Arabia)</subfield><subfield code="x">Description and travel</subfield><subfield code="v">Early works to 1800.</subfield></datafield><datafield tag="700" ind1="1" ind2=" "><subfield code="a">Nuttall, Frank E.,</subfield><subfield code="d">1875-1943,</subfield><subfield code="e">former owner.</subfield></datafield><datafield tag="773" ind1="0" ind2=" "><subfield code="a">F. E. Nuttall Collection.</subfield></datafield><datafield tag="880" ind1="1" ind2="0"><subfield code="6">245-03/</subfield><subfield code="a">منازل الحج,</subfield><subfield code="f">[1219ه؟, 1804م؟].</subfield></datafield><datafield tag="880" ind1="0" ind2=" "><subfield code="6">100-01/</subfield><subfield code="a">بنده على بن الميرزا خيرات على.</subfield></datafield><datafield tag="CID" ind1=" " ind2=" "><subfield code="a">006836673</subfield></datafield><datafield tag="DAT" ind1="0" ind2=" "><subfield code="a">20190719102641.0</subfield><subfield code="b">20190719000000.0</subfield></datafield><datafield tag="DAT" ind1="1" ind2=" "><subfield code="a">20190719090653.0</subfield><subfield code="b">2019-07-19T16:10:54Z</subfield></datafield><datafield tag="DAT" ind1="2" ind2=" "><subfield code="a">2015-10-10T18:00:06Z</subfield></datafield><datafield tag="CAT" ind1=" " ind2=" "><subfield code="a">SDR-MIU</subfield><subfield code="d">EX LIBRIS - ALEPH</subfield><subfield code="l">prepare.pl-004-008</subfield></datafield><datafield tag="FMT" ind1=" " ind2=" "><subfield code="a">BK</subfield></datafield><datafield tag="HOL" ind1=" " ind2=" "><subfield code="0">sdr-miu006836673</subfield><subfield code="a">MiU</subfield><subfield code="b">SDR</subfield><subfield code="c">MIU</subfield><subfield code="p">mdp.39015079132422</subfield><subfield code="s">MIU</subfield><subfield code="1">006836673</subfield></datafield><datafield tag="974" ind1=" " ind2=" "><subfield code="b">MIU</subfield><subfield code="c">MIU</subfield><subfield code="d">20190719</subfield><subfield code="s">lit-dlps-dc</subfield><subfield code="u">mdp.39015079132422</subfield><subfield code="y">1804</subfield><subfield code="r">pd</subfield><subfield code="q">bib</subfield><subfield code="t">non-US bib date1 &lt; 1879</subfield></datafield></record></collection>